@conference{Zant2005,
    title={{On-line robot learning using the interval estimation algorithm}},
    author={Van der Zant, T. and Wiering, M. and Van Eijck, J.},
    booktitle={Proceedings of the 7th European Workshop on Reinforcement Learning},
    pages={11--12},
    year={2005},
    organization={Citeseer}
}

@book{bradski2008,
    title={{Learning OpenCV: Computer vision with the OpenCV library}},
    author={Bradski, G. and Kaehler, A.},
    year={2008},
    publisher={O'Reilly Media}
}

@article{thrun2002robotic,
    title={Robotic mapping: A survey},
    author={Thrun, S.},
    journal={Exploring artificial intelligence in the new millennium},
    pages={1--35},
    year={2002},
    publisher={Morgan Kaufmann}
}

@article{elfes1989occupancy,
    title={Occupancy grids: A probabilistic framework for robot perception and navigation},
    author={Elfes, A.},
    year={1989},
    publisher={Carnegie Mellon University}
}

@inproceedings{kalal2010face,
    title={Face-tld: Tracking-learning-detection applied to faces},
    author={Kalal, Z. and Mikolajczyk, K. and Matas, J.},
    booktitle={Image Processing (ICIP), 2010 17th IEEE International Conference on},
    pages={3789--3792},
    year={2010},
    organization={IEEE}
}

@inproceedings{kalal2010forward,
    title={Forward-backward error: Automatic detection of tracking failures},
    author={Kalal, Z. and Mikolajczyk, K. and Matas, J.},
    booktitle={Pattern Recognition (ICPR), 2010 20th International Conference on},
    pages={2756--2759},
    year={2010},
    organization={IEEE}
}

@article{hognav,
    title={Automatic Robot Navigation Using Reinforcement Learning},
    author={Shantia, A.},
    year={2011},
    publisher={University of Groningen}
}
@article{watkins1992technical,
    title={{Technical note: Q-learning}},
    author={Watkins, C.J.C.H. and Dayan, P.},
    journal={Machine learning},
    volume={8},
    number={3},
    pages={279--292},
    issn={0885-6125},
    year={1992},
    publisher={Springer}
}

@conference{viola2001rapid,
    title={{Rapid object detection using a boosted cascade of simple features}},
    author={Viola, P. and Jones, M.},
    booktitle={IEEE Computer Society Conference on Computer Vision and Pattern Recognition},
    volume={1},
    issn={1063-6919},
    year={2001},
    organization={Citeseer}
}

@conference{yan1995sift,
    title={{SIFT: a tool for wide-area information dissemination}},
    author={Yan, T.W. and Garcia-Molina, H.},
    booktitle={Proceedings of the USENIX 1995 Technical Conference Proceedings on USENIX 1995 Technical Conference Proceedings},
    pages={15},
    year={1995},
    organization={USENIX Association}
}

@article{bay2008speeded,
    title={{Speeded-up robust features (SURF)}},
    author={Bay, H. and Ess, A. and Tuytelaars, T. and Van Gool, L.},
    journal={Computer Vision and Image Understanding},
    volume={110},
    number={3},
    pages={346--359},
    issn={1077-3142},
    year={2008},
    publisher={Elsevier}
}

@article{fox2001kld,
    title={KLD-sampling: Adaptive particle filters and mobile robot localization},
    author={Fox, D.},
    journal={Advances in Neural Information Processing Systems (NIPS)},
    pages={26--32},
    year={2001}
}

@article{grisetti2007improved,
    title={Improved techniques for grid mapping with rao-blackwellized particle filters},
    author={Grisetti, G. and Stachniss, C. and Burgard, W.},
    journal={Robotics, IEEE Transactions on},
    volume={23},
    number={1},
    pages={34--46},
    year={2007},
    publisher={IEEE}
}
